%YAML 1.1
%TAG !u! tag:unity3d.com,2011:
--- !u!29 &1
OcclusionCullingSettings:
  m_ObjectHideFlags: 0
  serializedVersion: 2
  m_OcclusionBakeSettings:
    smallestOccluder: 5
    smallestHole: 0.25
    backfaceThreshold: 100
  m_SceneGUID: 00000000000000000000000000000000
  m_OcclusionCullingData: {fileID: 0}
--- !u!104 &2
RenderSettings:
  m_ObjectHideFlags: 0
  serializedVersion: 9
  m_Fog: 0
  m_FogColor: {r: 0.5, g: 0.5, b: 0.5, a: 1}
  m_FogMode: 3
  m_FogDensity: 0.01
  m_LinearFogStart: 0
  m_LinearFogEnd: 300
  m_AmbientSkyColor: {r: 0.212, g: 0.227, b: 0.259, a: 1}
  m_AmbientEquatorColor: {r: 0.114, g: 0.125, b: 0.133, a: 1}
  m_AmbientGroundColor: {r: 0.047, g: 0.043, b: 0.035, a: 1}
  m_AmbientIntensity: 1
  m_AmbientMode: 3
  m_SubtractiveShadowColor: {r: 0.42, g: 0.478, b: 0.627, a: 1}
  m_SkyboxMaterial: {fileID: 0}
  m_HaloStrength: 0.5
  m_FlareStrength: 1
  m_FlareFadeSpeed: 3
  m_HaloTexture: {fileID: 0}
  m_SpotCookie: {fileID: 10001, guid: 0000000000000000e000000000000000, type: 0}
  m_DefaultReflectionMode: 0
  m_DefaultReflectionResolution: 128
  m_ReflectionBounces: 1
  m_ReflectionIntensity: 1
  m_CustomReflection: {fileID: 0}
  m_Sun: {fileID: 0}
  m_IndirectSpecularColor: {r: 0, g: 0, b: 0, a: 1}
  m_UseRadianceAmbientProbe: 0
--- !u!157 &3
LightmapSettings:
  m_ObjectHideFlags: 0
  serializedVersion: 11
  m_GIWorkflowMode: 1
  m_GISettings:
    serializedVersion: 2
    m_BounceScale: 1
    m_IndirectOutputScale: 1
    m_AlbedoBoost: 1
    m_EnvironmentLightingMode: 0
    m_EnableBakedLightmaps: 0
    m_EnableRealtimeLightmaps: 0
  m_LightmapEditorSettings:
    serializedVersion: 12
    m_Resolution: 2
    m_BakeResolution: 40
    m_AtlasSize: 1024
    m_AO: 0
    m_AOMaxDistance: 1
    m_CompAOExponent: 1
    m_CompAOExponentDirect: 0
    m_ExtractAmbientOcclusion: 0
    m_Padding: 2
    m_LightmapParameters: {fileID: 0}
    m_LightmapsBakeMode: 1
    m_TextureCompression: 1
    m_FinalGather: 0
    m_FinalGatherFiltering: 1
    m_FinalGatherRayCount: 256
    m_ReflectionCompression: 2
    m_MixedBakeMode: 2
    m_BakeBackend: 1
    m_PVRSampling: 1
    m_PVRDirectSampleCount: 32
    m_PVRSampleCount: 512
    m_PVRBounces: 2
    m_PVREnvironmentSampleCount: 256
    m_PVREnvironmentReferencePointCount: 2048
    m_PVRFilteringMode: 1
    m_PVRDenoiserTypeDirect: 1
    m_PVRDenoiserTypeIndirect: 1
    m_PVRDenoiserTypeAO: 1
    m_PVRFilterTypeDirect: 0
    m_PVRFilterTypeIndirect: 0
    m_PVRFilterTypeAO: 0
    m_PVREnvironmentMIS: 1
    m_PVRCulling: 1
    m_PVRFilteringGaussRadiusDirect: 1
    m_PVRFilteringGaussRadiusIndirect: 5
    m_PVRFilteringGaussRadiusAO: 2
    m_PVRFilteringAtrousPositionSigmaDirect: 0.5
    m_PVRFilteringAtrousPositionSigmaIndirect: 2
    m_PVRFilteringAtrousPositionSigmaAO: 1
    m_ExportTrainingData: 0
    m_TrainingDataDestination: TrainingData
    m_LightProbeSampleCountMultiplier: 4
  m_LightingDataAsset: {fileID: 0}
  m_UseShadowmask: 1
--- !u!196 &4
NavMeshSettings:
  serializedVersion: 2
  m_ObjectHideFlags: 0
  m_BuildSettings:
    serializedVersion: 2
    agentTypeID: 0
    agentRadius: 0.5
    agentHeight: 2
    agentSlope: 45
    agentClimb: 0.4
    ledgeDropHeight: 0
    maxJumpAcrossDistance: 0
    minRegionArea: 2
    manualCellSize: 0
    cellSize: 0.16666667
    manualTileSize: 0
    tileSize: 256
    accuratePlacement: 0
    debug:
      m_Flags: 0
  m_NavMeshData: {fileID: 0}
--- !u!1 &204330300
GameObject:
  m_ObjectHideFlags: 0
  m_CorrespondingSourceObject: {fileID: 0}
  m_PrefabInstance: {fileID: 0}
  m_PrefabAsset: {fileID: 0}
  serializedVersion: 6
  m_Component:
  - component: {fileID: 204330301}
  - component: {fileID: 204330303}
  - component: {fileID: 204330302}
  m_Layer: 0
  m_Name: Text
  m_TagString: Untagged
  m_Icon: {fileID: 0}
  m_NavMeshLayer: 0
  m_StaticEditorFlags: 0
  m_IsActive: 1
--- !u!224 &204330301
RectTransform:
  m_ObjectHideFlags: 0
  m_CorrespondingSourceObject: {fileID: 0}
  m_PrefabInstance: {fileID: 0}
  m_PrefabAsset: {fileID: 0}
  m_GameObject: {fileID: 204330300}
  m_LocalRotation: {x: 0, y: 0, z: 0, w: 1}
  m_LocalPosition: {x: 0, y: 0, z: 0}
  m_LocalScale: {x: 1, y: 1, z: 1}
  m_Children: []
  m_Father: {fileID: 1087428292}
  m_RootOrder: 0
  m_LocalEulerAnglesHint: {x: 0, y: 0, z: 0}
  m_AnchorMin: {x: 0.5, y: 0.5}
  m_AnchorMax: {x: 0.5, y: 0.5}
  m_AnchoredPosition: {x: 0, y: 200}
  m_SizeDelta: {x: 800, y: 100}
  m_Pivot: {x: 0.5, y: 0.5}
--- !u!114 &204330302
MonoBehaviour:
  m_ObjectHideFlags: 0
  m_CorrespondingSourceObject: {fileID: 0}
  m_PrefabInstance: {fileID: 0}
  m_PrefabAsset: {fileID: 0}
  m_GameObject: {fileID: 204330300}
  m_Enabled: 1
  m_EditorHideFlags: 0
  m_Script: {fileID: 11500000, guid: 5f7201a12d95ffc409449d95f23cf332, type: 3}
  m_Name: 
  m_EditorClassIdentifier: 
  m_Material: {fileID: 0}
  m_Color: {r: 0.19607843, g: 0.19607843, b: 0.19607843, a: 1}
  m_RaycastTarget: 1
  m_OnCullStateChanged:
    m_PersistentCalls:
      m_Calls: []
  m_FontData:
    m_Font: {fileID: 12800000, guid: bb40c4d5c3d021f459bb74562ec7f462, type: 3}
    m_FontSize: 80
    m_FontStyle: 0
    m_BestFit: 0
    m_MinSize: 8
    m_MaxSize: 300
    m_Alignment: 4
    m_AlignByGeometry: 0
    m_RichText: 1
    m_HorizontalOverflow: 0
    m_VerticalOverflow: 0
    m_LineSpacing: 1
  m_Text: One Button Covid
--- !u!222 &204330303
CanvasRenderer:
  m_ObjectHideFlags: 0
  m_CorrespondingSourceObject: {fileID: 0}
  m_PrefabInstance: {fileID: 0}
  m_PrefabAsset: {fileID: 0}
  m_GameObject: {fileID: 204330300}
  m_CullTransparentMesh: 0
--- !u!1 &1087428288
GameObject:
  m_ObjectHideFlags: 0
  m_CorrespondingSourceObject: {fileID: 0}
  m_PrefabInstance: {fileID: 0}
  m_PrefabAsset: {fileID: 0}
  serializedVersion: 6
  m_Component:
  - component: {fileID: 1087428292}
  - component: {fileID: 1087428291}
  - component: {fileID: 1087428290}
  - component: {fileID: 1087428289}
  m_Layer: 0
  m_Name: Canvas
  m_TagString: Untagged
  m_Icon: {fileID: 0}
  m_NavMeshLayer: 0
  m_StaticEditorFlags: 0
  m_IsActive: 1
--- !u!114 &1087428289
MonoBehaviour:
  m_ObjectHideFlags: 0
  m_CorrespondingSourceObject: {fileID: 0}
  m_PrefabInstance: {fileID: 0}
  m_PrefabAsset: {fileID: 0}
  m_GameObject: {fileID: 1087428288}
  m_Enabled: 1
  m_EditorHideFlags: 0
  m_Script: {fileID: 11500000, guid: dc42784cf147c0c48a680349fa168899, type: 3}
  m_Name: 
  m_EditorClassIdentifier: 
  m_IgnoreReversedGraphics: 1
  m_BlockingObjects: 0
  m_BlockingMask:
    serializedVersion: 2
    m_Bits: 4294967295
--- !u!114 &1087428290
MonoBehaviour:
  m_ObjectHideFlags: 0
  m_CorrespondingSourceObject: {fileID: 0}
  m_PrefabInstance: {fileID: 0}
  m_PrefabAsset: {fileID: 0}
  m_GameObject: {fileID: 1087428288}
  m_Enabled: 1
  m_EditorHideFlags: 0
  m_Script: {fileID: 11500000, guid: 0cd44c1031e13a943bb63640046fad76, type: 3}
  m_Name: 
  m_EditorClassIdentifier: 
  m_UiScaleMode: 0
  m_ReferencePixelsPerUnit: 100
  m_ScaleFactor: 1
  m_ReferenceResolution: {x: 800, y: 600}
  m_ScreenMatchMode: 0
  m_MatchWidthOrHeight: 0
  m_PhysicalUnit: 3
  m_FallbackScreenDPI: 96
  m_DefaultSpriteDPI: 96
  m_DynamicPixelsPerUnit: 1
--- !u!223 &1087428291
Canvas:
  m_ObjectHideFlags: 0
  m_CorrespondingSourceObject: {fileID: 0}
  m_PrefabInstance: {fileID: 0}
  m_PrefabAsset: {fileID: 0}
  m_GameObject: {fileID: 1087428288}
  m_Enabled: 1
  serializedVersion: 3
  m_RenderMode: 0
  m_Camera: {fileID: 0}
  m_PlaneDistance: 100
  m_PixelPerfect: 0
  m_ReceivesEvents: 1
  m_OverrideSorting: 0
  m_OverridePixelPerfect: 0
  m_SortingBucketNormalizedSize: 0
  m_AdditionalShaderChannelsFlag: 0
  m_SortingLayerID: 0
  m_SortingOrder: 0
  m_TargetDisplay: 0
--- !u!224 &1087428292
RectTransform:
  m_ObjectHideFlags: 0
  m_CorrespondingSourceObject: {fileID: 0}
  m_PrefabInstance: {fileID: 0}
  m_PrefabAsset: {fileID: 0}
  m_GameObject: {fileID: 1087428288}
  m_LocalRotation: {x: 0, y: 0, z: 0, w: 1}
  m_LocalPosition: {x: 0, y: 0, z: 0}
  m_LocalScale: {x: 0, y: 0, z: 0}
  m_Children:
  - {fileID: 204330301}
  m_Father: {fileID: 0}
  m_RootOrder: 2
  m_LocalEulerAnglesHint: {x: 0, y: 0, z: 0}
  m_AnchorMin: {x: 0, y: 0}
  m_AnchorMax: {x: 0, y: 0}
  m_AnchoredPosition: {x: 0, y: 0}
  m_SizeDelta: {x: 0, y: 0}
  m_Pivot: {x: 0, y: 0}
--- !u!1 &1122174899
GameObject:
  m_ObjectHideFlags: 0
  m_CorrespondingSourceObject: {fileID: 0}
  m_PrefabInstance: {fileID: 0}
  m_PrefabAsset: {fileID: 0}
  serializedVersion: 6
  m_Component:
  - component: {fileID: 1122174902}
  - component: {fileID: 1122174901}
  - component: {fileID: 1122174900}
  - component: {fileID: 1122174903}
  m_Layer: 0
  m_Name: Main Camera
  m_TagString: MainCamera
  m_Icon: {fileID: 0}
  m_NavMeshLayer: 0
  m_StaticEditorFlags: 0
  m_IsActive: 1
--- !u!81 &1122174900
AudioListener:
  m_ObjectHideFlags: 0
  m_CorrespondingSourceObject: {fileID: 0}
  m_PrefabInstance: {fileID: 0}
  m_PrefabAsset: {fileID: 0}
  m_GameObject: {fileID: 1122174899}
  m_Enabled: 1
--- !u!20 &1122174901
Camera:
  m_ObjectHideFlags: 0
  m_CorrespondingSourceObject: {fileID: 0}
  m_PrefabInstance: {fileID: 0}
  m_PrefabAsset: {fileID: 0}
  m_GameObject: {fileID: 1122174899}
  m_Enabled: 1
  serializedVersion: 2
  m_ClearFlags: 1
  m_BackGroundColor: {r: 0.19215687, g: 0.3019608, b: 0.4745098, a: 0}
  m_projectionMatrixMode: 1
  m_GateFitMode: 2
  m_FOVAxisMode: 0
  m_SensorSize: {x: 36, y: 24}
  m_LensShift: {x: 0, y: 0}
  m_FocalLength: 50
  m_NormalizedViewPortRect:
    serializedVersion: 2
    x: 0
    y: 0
    width: 1
    height: 1
  near clip plane: 0.3
  far clip plane: 1000
  field of view: 60
  orthographic: 1
  orthographic size: 5
  m_Depth: -1
  m_CullingMask:
    serializedVersion: 2
    m_Bits: 4294967295
  m_RenderingPath: -1
  m_TargetTexture: {fileID: 0}
  m_TargetDisplay: 0
  m_TargetEye: 3
  m_HDR: 1
  m_AllowMSAA: 1
  m_AllowDynamicResolution: 0
  m_ForceIntoRT: 0
  m_OcclusionCulling: 1
  m_StereoConvergence: 10
  m_StereoSeparation: 0.022
--- !u!4 &1122174902
Transform:
  m_ObjectHideFlags: 0
  m_CorrespondingSourceObject: {fileID: 0}
  m_PrefabInstance: {fileID: 0}
  m_PrefabAsset: {fileID: 0}
  m_GameObject: {fileID: 1122174899}
  m_LocalRotation: {x: 0, y: 0, z: 0, w: 1}
  m_LocalPosition: {x: 0, y: 0, z: -10}
  m_LocalScale: {x: 1, y: 1, z: 1}
  m_Children: []
  m_Father: {fileID: 0}
  m_RootOrder: 0
  m_LocalEulerAnglesHint: {x: 0, y: 0, z: 0}
--- !u!114 &1122174903
MonoBehaviour:
  m_ObjectHideFlags: 0
  m_CorrespondingSourceObject: {fileID: 0}
  m_PrefabInstance: {fileID: 0}
  m_PrefabAsset: {fileID: 0}
  m_GameObject: {fileID: 1122174899}
  m_Enabled: 1
  m_EditorHideFlags: 0
  m_Script: {fileID: 11500000, guid: 84f916f14d7291342937ae5b8ddd9284, type: 3}
  m_Name: 
  m_EditorClassIdentifier: 
--- !u!1001 &1437620189
PrefabInstance:
  m_ObjectHideFlags: 0
  serializedVersion: 2
  m_Modification:
    m_TransformParent: {fileID: 0}
    m_Modifications:
    - target: {fileID: 2553103393963036479, guid: 328e9a6fa8ad0c745b5535b86e3eef64,
        type: 3}
      propertyPath: m_Name
      value: Player
      objectReference: {fileID: 0}
    - target: {fileID: 4223208620076662225, guid: 328e9a6fa8ad0c745b5535b86e3eef64,
        type: 3}
      propertyPath: m_LocalRotation.z
      value: 0.99245435
      objectReference: {fileID: 0}
    - target: {fileID: 4223208620076662225, guid: 328e9a6fa8ad0c745b5535b86e3eef64,
        type: 3}
      propertyPath: m_LocalRotation.w
      value: 0.12261517
      objectReference: {fileID: 0}
    - target: {fileID: 4472386932712097110, guid: 328e9a6fa8ad0c745b5535b86e3eef64,
        type: 3}
      propertyPath: m_LocalRotation.z
      value: -0.9923344
      objectReference: {fileID: 0}
    - target: {fileID: 4472386932712097110, guid: 328e9a6fa8ad0c745b5535b86e3eef64,
        type: 3}
      propertyPath: m_LocalRotation.w
      value: 0.123581946
      objectReference: {fileID: 0}
    - target: {fileID: 6155787288423232648, guid: 328e9a6fa8ad0c745b5535b86e3eef64,
        type: 3}
      propertyPath: m_LocalRotation.z
      value: -0.0000018167773
      objectReference: {fileID: 0}
    - target: {fileID: 6155787288620799131, guid: 328e9a6fa8ad0c745b5535b86e3eef64,
        type: 3}
      propertyPath: m_LocalRotation.z
      value: 0.014079471
      objectReference: {fileID: 0}
    - target: {fileID: 6155787288620799131, guid: 328e9a6fa8ad0c745b5535b86e3eef64,
        type: 3}
      propertyPath: m_LocalRotation.w
      value: 0.9999009
      objectReference: {fileID: 0}
    - target: {fileID: 6155787288800102107, guid: 328e9a6fa8ad0c745b5535b86e3eef64,
        type: 3}
      propertyPath: m_LocalRotation.z
      value: 0.05511369
      objectReference: {fileID: 0}
    - target: {fileID: 6155787289407155888, guid: 328e9a6fa8ad0c745b5535b86e3eef64,
        type: 3}
      propertyPath: m_LocalRotation.z
      value: -0.020087585
      objectReference: {fileID: 0}
    - target: {fileID: 6479041266657647261, guid: 328e9a6fa8ad0c745b5535b86e3eef64,
        type: 3}
      propertyPath: m_LocalRotation.z
      value: 0.026638586
      objectReference: {fileID: 0}
    - target: {fileID: 6878441213688969690, guid: 328e9a6fa8ad0c745b5535b86e3eef64,
        type: 3}
      propertyPath: m_LocalRotation.z
      value: -0.000867186
      objectReference: {fileID: 0}
    - target: {fileID: 6878441213688969690, guid: 328e9a6fa8ad0c745b5535b86e3eef64,
        type: 3}
      propertyPath: m_LocalRotation.w
      value: 0.9999997
      objectReference: {fileID: 0}
    - target: {fileID: 7617919330686958464, guid: 328e9a6fa8ad0c745b5535b86e3eef64,
        type: 3}
      propertyPath: m_LocalPosition.x
      value: -4.93
      objectReference: {fileID: 0}
    - target: {fileID: 7617919330686958464, guid: 328e9a6fa8ad0c745b5535b86e3eef64,
        type: 3}
      propertyPath: m_LocalPosition.y
      value: -2.44
      objectReference: {fileID: 0}
    - target: {fileID: 7617919330686958464, guid: 328e9a6fa8ad0c745b5535b86e3eef64,
        type: 3}
      propertyPath: m_LocalPosition.z
      value: 0
      objectReference: {fileID: 0}
    - target: {fileID: 7617919330686958464, guid: 328e9a6fa8ad0c745b5535b86e3eef64,
        type: 3}
      propertyPath: m_LocalRotation.x
      value: 0
      objectReference: {fileID: 0}
    - target: {fileID: 7617919330686958464, guid: 328e9a6fa8ad0c745b5535b86e3eef64,
        type: 3}
      propertyPath: m_LocalRotation.y
      value: 0
      objectReference: {fileID: 0}
    - target: {fileID: 7617919330686958464, guid: 328e9a6fa8ad0c745b5535b86e3eef64,
        type: 3}
      propertyPath: m_LocalRotation.z
      value: 0
      objectReference: {fileID: 0}
    - target: {fileID: 7617919330686958464, guid: 328e9a6fa8ad0c745b5535b86e3eef64,
        type: 3}
      propertyPath: m_LocalRotation.w
      value: 1
      objectReference: {fileID: 0}
    - target: {fileID: 7617919330686958464, guid: 328e9a6fa8ad0c745b5535b86e3eef64,
        type: 3}
      propertyPath: m_RootOrder
      value: 3
      objectReference: {fileID: 0}
    - target: {fileID: 7617919330686958464, guid: 328e9a6fa8ad0c745b5535b86e3eef64,
        type: 3}
      propertyPath: m_LocalEulerAnglesHint.x
      value: 0
      objectReference: {fileID: 0}
    - target: {fileID: 7617919330686958464, guid: 328e9a6fa8ad0c745b5535b86e3eef64,
        type: 3}
      propertyPath: m_LocalEulerAnglesHint.y
      value: 0
      objectReference: {fileID: 0}
    - target: {fileID: 7617919330686958464, guid: 328e9a6fa8ad0c745b5535b86e3eef64,
        type: 3}
      propertyPath: m_LocalEulerAnglesHint.z
      value: 0
      objectReference: {fileID: 0}
    - target: {fileID: 7936378744383461304, guid: 328e9a6fa8ad0c745b5535b86e3eef64,
        type: 3}
      propertyPath: m_LocalRotation.z
      value: -0.057847463
      objectReference: {fileID: 0}
    - target: {fileID: 8751518461055644196, guid: 328e9a6fa8ad0c745b5535b86e3eef64,
        type: 3}
      propertyPath: m_LocalRotation.z
      value: 0.0004931527
      objectReference: {fileID: 0}
    - target: {fileID: 8751518461055644196, guid: 328e9a6fa8ad0c745b5535b86e3eef64,
        type: 3}
      propertyPath: m_LocalRotation.w
      value: 0.9999999
      objectReference: {fileID: 0}
    m_RemovedComponents: []
  m_SourcePrefab: {fileID: 100100000, guid: 328e9a6fa8ad0c745b5535b86e3eef64, type: 3}
--- !u!1 &1822607440 stripped
GameObject:
  m_CorrespondingSourceObject: {fileID: 2553103393963036479, guid: 328e9a6fa8ad0c745b5535b86e3eef64,
    type: 3}
  m_PrefabInstance: {fileID: 1437620189}
  m_PrefabAsset: {fileID: 0}
--- !u!95 &1822607441
Animator:
  serializedVersion: 3
  m_ObjectHideFlags: 0
  m_CorrespondingSourceObject: {fileID: 0}
  m_PrefabInstance: {fileID: 0}
  m_PrefabAsset: {fileID: 0}
  m_GameObject: {fileID: 1822607440}
  m_Enabled: 1
  m_Avatar: {fileID: 0}
  m_Controller: {fileID: 9100000, guid: 53a1b28c7f2007f4d9f271491f4b7afc, type: 2}
  m_CullingMode: 0
  m_UpdateMode: 0
  m_ApplyRootMotion: 0
  m_LinearVelocityBlending: 0
  m_WarningMessage: 
  m_HasTransformHierarchy: 1
  m_AllowConstantClipSamplingOptimization: 1
  m_KeepAnimatorControllerStateOnDisable: 0
--- !u!1001 &1872350697
PrefabInstance:
  m_ObjectHideFlags: 0
  serializedVersion: 2
  m_Modification:
    m_TransformParent: {fileID: 0}
    m_Modifications:
    - target: {fileID: 167727197816793123, guid: e12f17cefee14ee408a2279043cd3f2f,
        type: 3}
      propertyPath: m_LocalRotation.z
      value: 0.98310184
      objectReference: {fileID: 0}
    - target: {fileID: 167727197816793123, guid: e12f17cefee14ee408a2279043cd3f2f,
        type: 3}
      propertyPath: m_LocalRotation.w
      value: 0.18305984
      objectReference: {fileID: 0}
    - target: {fileID: 493468627188879524, guid: e12f17cefee14ee408a2279043cd3f2f,
        type: 3}
      propertyPath: m_LocalRotation.z
      value: -0.9923347
      objectReference: {fileID: 0}
    - target: {fileID: 493468627188879524, guid: e12f17cefee14ee408a2279043cd3f2f,
        type: 3}
      propertyPath: m_LocalRotation.w
      value: 0.123579554
      objectReference: {fileID: 0}
    - target: {fileID: 1992360289781226189, guid: e12f17cefee14ee408a2279043cd3f2f,
        type: 3}
      propertyPath: m_Name
      value: Sicko
      objectReference: {fileID: 0}
    - target: {fileID: 4736547169257744342, guid: e12f17cefee14ee408a2279043cd3f2f,
        type: 3}
      propertyPath: m_LocalRotation.z
      value: 0.10388671
      objectReference: {fileID: 0}
    - target: {fileID: 4736547169257744342, guid: e12f17cefee14ee408a2279043cd3f2f,
        type: 3}
      propertyPath: m_LocalRotation.w
      value: 0.99458915
      objectReference: {fileID: 0}
    - target: {fileID: 5853919573232342112, guid: e12f17cefee14ee408a2279043cd3f2f,
        type: 3}
      propertyPath: m_LocalRotation.w
      value: 0.7312141
      objectReference: {fileID: 0}
    - target: {fileID: 5868316101979319922, guid: e12f17cefee14ee408a2279043cd3f2f,
        type: 3}
      propertyPath: m_LocalPosition.x
      value: 5.3
      objectReference: {fileID: 0}
    - target: {fileID: 5868316101979319922, guid: e12f17cefee14ee408a2279043cd3f2f,
        type: 3}
      propertyPath: m_LocalPosition.y
      value: -2.54
      objectReference: {fileID: 0}
    - target: {fileID: 5868316101979319922, guid: e12f17cefee14ee408a2279043cd3f2f,
        type: 3}
      propertyPath: m_LocalPosition.z
      value: 0
      objectReference: {fileID: 0}
    - target: {fileID: 5868316101979319922, guid: e12f17cefee14ee408a2279043cd3f2f,
        type: 3}
      propertyPath: m_LocalRotation.x
      value: 0
      objectReference: {fileID: 0}
    - target: {fileID: 5868316101979319922, guid: e12f17cefee14ee408a2279043cd3f2f,
        type: 3}
      propertyPath: m_LocalRotation.y
      value: 0
      objectReference: {fileID: 0}
    - target: {fileID: 5868316101979319922, guid: e12f17cefee14ee408a2279043cd3f2f,
        type: 3}
      propertyPath: m_LocalRotation.z
      value: 0
      objectReference: {fileID: 0}
    - target: {fileID: 5868316101979319922, guid: e12f17cefee14ee408a2279043cd3f2f,
        type: 3}
      propertyPath: m_LocalRotation.w
      value: 1
      objectReference: {fileID: 0}
    - target: {fileID: 5868316101979319922, guid: e12f17cefee14ee408a2279043cd3f2f,
        type: 3}
      propertyPath: m_RootOrder
      value: 4
      objectReference: {fileID: 0}
    - target: {fileID: 5868316101979319922, guid: e12f17cefee14ee408a2279043cd3f2f,
        type: 3}
      propertyPath: m_LocalEulerAnglesHint.x
      value: 0
      objectReference: {fileID: 0}
    - target: {fileID: 5868316101979319922, guid: e12f17cefee14ee408a2279043cd3f2f,
        type: 3}
      propertyPath: m_LocalEulerAnglesHint.y
      value: 0
      objectReference: {fileID: 0}
    - target: {fileID: 5868316101979319922, guid: e12f17cefee14ee408a2279043cd3f2f,
        type: 3}
      propertyPath: m_LocalEulerAnglesHint.z
      value: 0
      objectReference: {fileID: 0}
    - target: {fileID: 7475160597136780328, guid: e12f17cefee14ee408a2279043cd3f2f,
        type: 3}
      propertyPath: m_LocalRotation.z
      value: -0.0008625074
      objectReference: {fileID: 0}
    - target: {fileID: 7475160597136780328, guid: e12f17cefee14ee408a2279043cd3f2f,
        type: 3}
      propertyPath: m_LocalRotation.w
      value: 0.99999964
      objectReference: {fileID: 0}
    - target: {fileID: 7900867144514478458, guid: e12f17cefee14ee408a2279043cd3f2f,
        type: 3}
      propertyPath: m_LocalRotation.z
      value: -0.04239697
      objectReference: {fileID: 0}
    - target: {fileID: 7900867144514478458, guid: e12f17cefee14ee408a2279043cd3f2f,
        type: 3}
      propertyPath: m_LocalRotation.w
      value: 0.99910086
      objectReference: {fileID: 0}
    - target: {fileID: 7900867144711684457, guid: e12f17cefee14ee408a2279043cd3f2f,
        type: 3}
      propertyPath: m_LocalRotation.z
      value: 0.014077207
      objectReference: {fileID: 0}
    - target: {fileID: 7900867144711684457, guid: e12f17cefee14ee408a2279043cd3f2f,
        type: 3}
      propertyPath: m_LocalRotation.w
      value: 0.99990094
      objectReference: {fileID: 0}
    - target: {fileID: 7900867145498213186, guid: e12f17cefee14ee408a2279043cd3f2f,
        type: 3}
      propertyPath: m_LocalRotation.z
      value: -0.051436223
      objectReference: {fileID: 0}
    m_RemovedComponents:
    - {fileID: 4091585278926081340, guid: e12f17cefee14ee408a2279043cd3f2f, type: 3}
    - {fileID: 4091585278926081339, guid: e12f17cefee14ee408a2279043cd3f2f, type: 3}
    - {fileID: 4091585278926081335, guid: e12f17cefee14ee408a2279043cd3f2f, type: 3}
  m_SourcePrefab: {fileID: 100100000, guid: e12f17cefee14ee408a2279043cd3f2f, type: 3}
--- !u!1 &1987344022
GameObject:
  m_ObjectHideFlags: 0
  m_CorrespondingSourceObject: {fileID: 0}
  m_PrefabInstance: {fileID: 0}
  m_PrefabAsset: {fileID: 0}
  serializedVersion: 6
  m_Component:
  - component: {fileID: 1987344025}
  - component: {fileID: 1987344024}
  - component: {fileID: 1987344023}
  m_Layer: 0
  m_Name: EventSystem
  m_TagString: Untagged
  m_Icon: {fileID: 0}
  m_NavMeshLayer: 0
  m_StaticEditorFlags: 0
  m_IsActive: 1
--- !u!114 &1987344023
MonoBehaviour:
  m_ObjectHideFlags: 0
  m_CorrespondingSourceObject: {fileID: 0}
  m_PrefabInstance: {fileID: 0}
  m_PrefabAsset: {fileID: 0}
  m_GameObject: {fileID: 1987344022}
  m_Enabled: 1
  m_EditorHideFlags: 0
  m_Script: {fileID: 11500000, guid: 4f231c4fb786f3946a6b90b886c48677, type: 3}
  m_Name: 
  m_EditorClassIdentifier: 
  m_HorizontalAxis: Horizontal
  m_VerticalAxis: Vertical
  m_SubmitButton: Submit
  m_CancelButton: Cancel
  m_InputActionsPerSecond: 10
  m_RepeatDelay: 0.5
  m_ForceModuleActive: 0
--- !u!114 &1987344024
MonoBehaviour:
  m_ObjectHideFlags: 0
  m_CorrespondingSourceObject: {fileID: 0}
  m_PrefabInstance: {fileID: 0}
  m_PrefabAsset: {fileID: 0}
  m_GameObject: {fileID: 1987344022}
  m_Enabled: 1
  m_EditorHideFlags: 0
  m_Script: {fileID: 11500000, guid: 76c392e42b5098c458856cdf6ecaaaa1, type: 3}
  m_Name: 
  m_EditorClassIdentifier: 
  m_FirstSelected: {fileID: 0}
  m_sendNavigationEvents: 1
  m_DragThreshold: 10
--- !u!4 &1987344025
Transform:
  m_ObjectHideFlags: 0
  m_CorrespondingSourceObject: {fileID: 0}
  m_PrefabInstance: {fileID: 0}
  m_PrefabAsset: {fileID: 0}
  m_GameObject: {fileID: 1987344022}
  m_LocalRotation: {x: 0, y: 0, z: 0, w: 1}
  m_LocalPosition: {x: 0, y: 0, z: 0}
  m_LocalScale: {x: 1, y: 1, z: 1}
  m_Children: []
  m_Father: {fileID: 0}
  m_RootOrder: 1
  m_LocalEulerAnglesHint: {x: 0, y: 0, z: 0}
